@book{2004-David-Order,
	title = {Order Statistics},
	author = {David, Herbert A. and Nagaraja, Haikady N.},
	year = {2004},
	edition = {3rd},
	series = {Wiley Series in Probability and Statistics},
	pages = {xvi+458},
	publisher = {John Wiley \& Sons, Inc.},
	address = {Hoboken, NJ},
	isbn = {978-0-471-38926-2}
}

@inproceedings{2015-Pappas-ICC,
	title = {Age of Information of Multiple Sources with Queue Management},
	author = {Pappas, Nikolaos and Gunnarsson, Johan and Kratz, Ludvig and Kountouris, Marios and Angelakis, Vangelis},
	booktitle = {IEEE International Conference on Communications (ICC)},
	year = {2015},
	month = {June},
	pages = {5935-5940},
	address = {London, UK},
	publisher = {IEEE},
	doi = {10.1109/ICC.2015.7249360}
}

@article{2022-Jiao-TVT,
	title = {Age-Optimal Network Coding HARQ Transmission Scheme for Dual-Hop Satellite-Integrated Internet},
	author = {Jiao, Jian and Liu, Shiqi and Ding, Jing and Huang, Jianhao and Wu, Shaohua and Lu, Rongxing and Zhang, Qinyu},
	journal = {IEEE Transactions on Vehicular Technology},
	volume = {71},
	number = {10},
	pages = {10666-10682},
	year = {2022},
	publisher = {IEEE}
}

@article{2018-BUT,
	title = {密集异构无线环境中基于极化信号处理的频谱共享研究},
	author = {陈硕},
	year = {2018},
	journal = {北京邮电大学}
}

@article{2022-Guo-SP,
	title = {基于空间Poisson点过程的无人机异构网络中断性能评估},
	author = {郭艺轩 and 贾向东 and 曹胜男等},
	journal = {信号处理},
	volume = {38},
	number = {03},
	pages = {536-542},
	year = {2022}
}
